@Book{exemplo01,
	 Title = {Título}
	,SubTitle = {Subtítulo}
	,Author = {Sobrenome1, Prenome1 and Sobrenome2, Prenome2}
	,Year = 2020
	,Edition = 3
	,Publisher = {Editora}
	,Address = {Local}
	,Month = {jan.}
	,ISBN = {}
	,Pages = 100
	,URL = {}
	,URLAccessDate = {}
}

@Article{exemplo02,
	 Title = {Título}
	,SubTitle = {Subtítulo}
	,Author = {Sobrenome1, Prenome1 and Sobrenome2, Prenome2}
	,Year = 2020
	,Month = {jan.}
	,Journal = {Título do periódico}
	,ISSN = {}
	,Volume = 12
	,Number = 2
	,Pages = {20–30}
	,Address = {Local}
	,DOI = {}
	,URL = {www.site.com}
	,URLAccessDate = {1 jan. 2016}
}
