@book{bishop2006,
	author = {Christopher M. Bishop},
	title = {Pattern Recognition and Machine Learning},
	publisher = {Springer},
	year = {2006}
}

@book{Geron2021,
	author = {Aurélion Géron},
	title = {Mãos à Obra: Aprendizado de Máquina co Scikit-learn, Keras \& TensorFlow},
	publisher = {O'Reilly},
	year = {2021}
	}
	
@online{Morten2021,
	ALTauthor = {Morten Hjorth-Jensen},
	title = {Applied Data Analysis and Machine Learning},
	date = {2021},
	url = {https://compphysics.github.io/MachineLearning/doc/LectureNotes/_build/html/intro.html}
}

@book{bonaccorso2018mastering,
	title={Mastering machine learning algorithms: expert techniques to implement popular machine learning algorithms and fine-tune your models},
	author={Bonaccorso, Giuseppe},
	year={2018},
	publisher={Packt Publishing Ltd}
}